%%%%%%%%%%%%%%%%%%%%%%%%
%
% $Autor: Hemanth Jadiswami Prabhakaran $
% $Datum: 2025-04-04 15:55:03Z $
% $Pfad: GitHub/BA25-01-Time-Series/Documents/MyLiterature.bib $
% $Version: 1 $
%
% $Project: BA25-01-Time-Series $
%
%%%%%%%%%%%%%%%%%%%%%%%%


%%%%%%%%%%%%%%%%%%%%%%%%%%%%%%%%%%%%%%
%  F
%%%%%%%%%%%%%%%%%%%%%%%%%%%%%%%%%%%%%%

@Article{Fildes:2019,
	author   = {Fildes, Robert and Goodwin, Paul},
	title    = {Retail forecasting: Research and practice},
	journal  = {International Journal of Forecasting},
	year     = {2019},
	volume   = {35},
	number   = {1},
	pages    = {1--9},
	doi      = {10.1016/j.ijforecast.2018.09.008},
	url      = {https://www.sciencedirect.com/science/article/abs/pii/S016920701930192X}
}

%%%%%%%%%%%%%%%%%%%%%%%%%%%%%%%%%%%%%%
%  L
%%%%%%%%%%%%%%%%%%%%%%%%%%%%%%%%%%%%%%

@Article{Loyal:2017,
	author   = {Loyal, Joshua D.},
	title    = {The Walmart Sales Project},
	journal  = {Unpublished Manuscript},
	year     = {2017},
	url      = {https://joshloyal.github.io/assets/pdf/forecasting_intro.pdf}
}

%%%%%%%%%%%%%%%%%%%%%%%%%%%%%%%%%%%%%%
%  M
%%%%%%%%%%%%%%%%%%%%%%%%%%%%%%%%%%%%%%

@Article{McElroy:2018,
	author   = {McElroy, Tucker S. and Monsell, Brian C. and Hutchinson, Rebecca J.},
	title    = {Modeling of Holiday Effects and Seasonality in Daily Time Series},
	journal  = {U.S. Census Bureau Working Papers},
	year     = {2018},
	url      = {https://www.census.gov/content/dam/Census/library/working-papers/2018/adrm/rrs2018-01.pdf}
}

%%%%%%%%%%%%%%%%%%%%%%%%%%%%%%%%%%%%%%
%  P
%%%%%%%%%%%%%%%%%%%%%%%%%%%%%%%%%%%%%%

@Article{Pao:2017,
	author   = {Pao, James J. and Sullivan, Danielle S.},
	title    = {Time Series Sales Forecasting},
	journal  = {CS229: Machine Learning Final Projects},
	year     = {2017},
	url      = {https://cs229.stanford.edu/proj2017/final-reports/5244336.pdf}
}

%%%%%%%%%%%%%%%%%%%%%%%%%%%%%%%%%%%%%%
%  Z
%%%%%%%%%%%%%%%%%%%%%%%%%%%%%%%%%%%%%%

@InProceedings{Zhang:2021,
	author    = {Zhang, Jiayuan},
	title     = {Sales Prediction of Walmart Based on Regression Models},
	booktitle = {Proceedings of the 2021 International Conference on Computers, Information Processing and Advanced Education},
	year      = {2021},
	pages     = {294--298},
	doi       = {10.1145/3456887.3459308},
	url       = {https://www.atlantis-press.com/article/125994715.pdf}
}